%==================================================================================================
% LUKE PHD THESIS BIBTEX FILE
% ---------------------------
% Sorted chronologically
%==================================================================================================

@article{HeZR015,
	author    = {Kaiming He and
	Xiangyu Zhang and
	Shaoqing Ren and
	Jian Sun},
	title     = {Delving Deep into Rectifiers: Surpassing Human-Level Performance on
	ImageNet Classification},
	journal   = {CoRR},
	volume    = {abs/1502.01852},
	year      = {2015},
	url       = {http://arxiv.org/abs/1502.01852},
	archivePrefix = {arXiv},
	eprint    = {1502.01852},
	timestamp = {Wed, 17 Apr 2019 17:23:45 +0200},
	biburl    = {https://dblp.org/rec/bib/journals/corr/HeZR015},
	bibsource = {dblp computer science bibliography, https://dblp.org}
}

@ONLINE {grad-check-stanford,
	author = "Andrej Karpathy",
	title  = "CS231n Convolutional Neural Networks for Visual Recognition",
	url    = "http://cs231n.github.io/neural-networks-3"
}